1851 2875
67 86 230 153 heros
244 87 555 176 ‚tanquam
584 85 765 148 radius
792 86 1057 171 apparens
1082 104 1191 144 una
1217 92 1275 145 δε
1301 84 1550 147 recedens
1564 132 1581 163 ,

64 180 213 243 nulla
227 181 364 265 pen&
377 201 537 240 mora
552 178 642 239 hic
656 176 1150 261 retardata‚quanta
1165 174 1450 238 diuinitate
1464 198 1582 260 pre-

62 268 223 334 staret
235 317 253 348 ,
268 269 523 332 nostrum
537 287 691 332 tanta
706 290 759 329 re
774 269 987 327 obieeta
1000 252 1165 350 Hfibes
1179 266 1468 351 ingenium
1482 289 1580 327 co-

62 362 392 445 gitationem
408 362 596 445 nequit
610 380 806 443 cogere
816 404 834 434 ,
849 375 908 418 ut
921 355 1287 438 intelligentiae
1311 354 1505 419 referat
1519 402 1533 416 .

58 454 138 511 Ita
153 451 314 512 libere
324 445 851 543 ‚9spedite‚app0fi‚te
865 446 996 531 quic
1001 443 1134 533 quid
1150 446 1344 511 animo
1359 448 1582 509 intende

59 559 134 600 ret
149 538 458 623 perficiebat
469 586 486 615 2
503 541 575 599 ita
590 537 796 597 delitias
810 536 1000 595 luxum
1016 546 1073 596 &
1086 537 1310 619 propria
1338 560 1576 598 commo

60 628 130 688 da
146 627 420 690 recusabat
434 653 450 702 3
468 631 540 689 ita
556 630 615 687 in
631 623 898 711 prosperis
912 648 1045 711 eque
1059 624 1193 686 acin
1209 624 1435 686 aduerfis
1450 630 1578 713 quie

58 715 264 792 scebat3
283 721 355 779 ita
370 717 655 802 postremo
671 719 936 779 cruciatus
962 715 1214 776 diuturna
1239 717 1487 798 primum
1501 738 1574 777 ae-

61 809 374 891 grotatione
388 807 660 868 deindeac
669 822 759 866 uta
775 804 1127 889 grauissimos
1155 804 1398 887 pertulit,
1413 828 1570 866 mor-

57 897 191 957 bum
208 896 537 982 contempsit
550 944 566 975 ,
582 913 823 956 mortem
852 893 1003 955 irrisit
1018 919 1034 967 3
1051 912 1111 956 ut
1136 915 1333 1042 colpus
1358 918 1479 955 non
1494 894 1573 956 se-

57 986 306 1069 pulcrum
324 1035 339 1062 ‚
354 1010 470 1073 quo
497 988 839 1047 humaretur:
858 1007 977 1045 non
1005 1007 1122 1045 carc
1207 1006 1233 1043 c
1258 984 1568 1063 auderetur,

55 1097 173 1135 non
187 1074 346 1137 uestis
359 1100 462 1160 pro
477 1076 807 1137 indumento
821 1123 838 1151 ,
854 1097 974 1134 non
988 1074 1171 1135 uelum
1189 1095 1289 1153 pro
1304 1077 1566 1159 tegmine,

52 1160 140 1225 sed
155 1166 349 1226 umbra
377 1162 495 1228 esset
520 1163 791 1226 leuissima
807 1187 821 1223 t
840 1185 1011 1249 quam
1039 1165 1128 1223 uix
1153 1161 1410 1224 sentiebat
1426 1186 1440 1222 t
1457 1186 1567 1249 qua

53 1253 305 1337 impediri
323 1275 535 1339 poterat
547 1303 564 1332 ,
577 1254 618 1316 si
630 1256 779 1315 tenui
793 1255 937 1314 nube
952 1251 1052 1314 soli
1067 1251 1285 1313 aduerfil
1299 1251 1410 1313 dies
1425 1252 1565 1314 adeo

53 1359 183 1403 tetra
199 1343 429 1429 caligine
440 1392 458 1423 ,
473 1354 534 1406 ὅ(
557 1343 739 1405 crassis
764 1342 992 1405 tenebris
1021 1338 1344 1403 offundatur
1353 1388 1372 1419 ,
1386 1360 1446 1402 ut
1471 1338 1567 1405 este

55 1428 256 1494 definat
271 1479 285 1493 .
302 1439 465 1495 Mens
480 1433 668 1495 diuina
683 1456 830 1494 nunc
845 1430 1077 1492 stelliferi
1104 1431 1378 1499 domicilii
1402 1434 1564 1493 inco-

54 1518 128 1599 lq,
141 1521 239 1582 nisi
265 1541 317 1584 te
343 1523 581 1609 augustae
607 1525 810 1584 animae
824 1569 840 1597 ‚
855 1522 1017 1582 ueluti
1047 1524 1226 1582 ciuem
1252 1524 1451 1582 recenti
1466 1521 1563 1583 ad-

51 1628 214 1670 uentu
228 1613 425 1674 iteratis
453 1612 829 1697 complexibus
853 1609 1161 1671 fouendam
1188 1608 1404 1694 prorsus
1431 1611 1500 1672 ad
1515 1609 1565 1673 se

50 1697 335 1760 traducant
352 1722 365 1758 :
383 1700 480 1766 nisi
493 1720 544 1761 te
557 1721 738 1763 totam
755 1699 1026 1761 immensa
1042 1698 1378 1782 inspectandi
1393 1704 1565 1761 Crea-

51 1789 183 1847 toris
198 1787 451 1872 uoluptas
467 1788 536 1849 ad
551 1810 701 1849 curas
715 1791 882 1847 nimis
898 1791 966 1846 ab
981 1788 1124 1847 hisce
1138 1786 1368 1847 diuersas
1394 1790 1562 1849 nimis

54 1874 250 1937 alliciat
263 1925 280 1952 ,
296 1877 529 1938 attrahat
542 1924 558 1952 ,
573 1880 776 1961 rapiat3
795 1878 969 1937 aciem
994 1895 1152 1937 tuam
1177 1875 1283 1936 huc
1311 1875 1485 1959 dirige
1500 1923 1514 1937 .

53 1961 255 2046 Aspice
269 1966 344 2026 Al
348 1965 629 2049 phonsu‘m
645 1985 804 2027 tuum
819 1988 984 2050 quem
1000 1984 1126 2026 toto
1154 1963 1319 2025 corde
1345 1964 1560 2042 amasti,

54 2074 218 2136 quem
234 2053 444 2139 semper
459 2057 636 2115 cuncti
643 2079 663 2115 s
679 2054 936 2118 humanis
953 2055 1105 2114 rebus
1121 2052 1466 2132 praetulistisse
1480 2055 1562 2115 lu-

56 2160 272 2224 gentem
286 2190 303 2220 ,
318 2144 472 2229 quod
485 2153 583 2205 tuo
600 2146 866 2228 coniugio
882 2190 895 2216 ‚
914 2142 1258 2243 dflffifissima
1284 2151 1342 2203 δε
1365 2141 1562 2204 tutissi-

53 2249 145 2288 ma
161 2229 443 2310 societate,
459 2232 577 2294 solo
593 2235 703 2311 uite
718 2232 821 2292 suae
837 2230 1109 2293 solatum:
1129 2230 1190 2292 fit
1204 2230 1483 2292 destitutus
1500 2278 1515 2292 .

54 2319 146 2400 qui
159 2319 302 2381 nulla
319 2325 517 2405 poterit
533 2321 912 2383 consolatione
938 2320 1088 2380 leniri
1103 2368 1119 2397 ,
1135 2319 1231 2379 nisi
1246 2339 1303 2381 tu
1319 2320 1562 2405 aliquam

50 2405 446 2490 {miserationis
462 2413 654 2495 pelago
670 2410 973 2471 deriuatam
991 2412 1048 2468 in
1063 2413 1171 2470 eius
1186 2413 1369 2492 pectus
1384 2432 1561 2494 ango-

53 2512 104 2552 re
117 2496 473 2559 exulceratum
500 2499 762 2561 infundas
779 2546 792 2559 .
842 2500 1044 2583 Aspice
1071 2498 1340 2583 populum
1368 2517 1526 2574 tuum
1540 2546 1559 2574 ,

47 2593 141 2642 tuo
154 2587 456 2674 principatu
470 2587 990 2676 foelicissimum,qui
1004 2607 1055 2650 te
1070 2587 1221 2669 colit,
1235 2607 1357 2649 tum
1371 2606 1428 2649 ut
1445 2590 1556 2650 eius
