1851 2875
236 107 320 150 rat
334 85 677 169 animorum,
691 90 786 177 qui
802 86 923 153 sunt
936 89 1047 150 hoc
1061 90 1121 151 in
1136 88 1268 152 orbe
1280 83 1529 153 inferiori
1544 137 1561 168 ‚
1578 87 1762 151 admi-

239 178 488 241 nistratio
506 224 520 240 .
536 182 695 242 Nam
711 205 842 242 cum
856 199 1007 264 pater
1020 184 1163 263 opt.
1177 185 1333 243 Max.
1349 180 1630 242 mundum
1660 184 1760 243 vni

241 267 462 329 uersum
478 289 676 332 crearet
688 317 706 348 ,
720 270 928 356 singula
954 268 1197 333 distinxit
1211 294 1226 332 ε
1244 268 1363 359 ijsc'fi
1380 270 1760 334 moderatores

240 355 469 442 praefixit
485 404 499 418 .
546 355 797 423 turbasset
823 363 977 421 enim
990 377 1128 422 terra
1139 383 1321 423 aerem
1335 408 1353 438 ‚
1369 384 1530 447 aqua,
1545 363 1759 447 ignem:

242 450 559 511 commixto
586 450 735 512 coelo
752 473 881 511 cum
895 451 1039 535 igne,
1053 471 1171 513 aere
1182 498 1200 532 ‚
1216 474 1377 538 aqua,
1389 470 1546 513 terra:
1566 448 1760 536 cumcj3

246 540 395 606 coelo
410 557 609 617 ,terra,
636 541 794 625 igne,
810 562 984 626 aqua,
1011 540 1272 619 aere‚nis1
1298 542 1566 602 elementa
1592 536 1757 601 secre-

243 627 555 713 ta,certocj;
584 629 777 692 ordine
803 628 1058 713 dispofita
1084 633 1268 691 imum
1295 631 1598 694 fibilocum
1624 652 1761 693 ven-

245 714 500 780 dicaffent
513 765 531 796 ,
558 715 777 781 sublimi
791 718 1027 781 aethereis
1054 721 1379 805 corporibus
1405 720 1682 806 assignato
1697 764 1714 779 .

238 831 363 896 quae
375 826 436 871 vt
463 810 694 895 proprijs
719 808 1080 897 intelligentijs
1106 808 1540 888 substernuntur,
1565 811 1640 870 ita
1654 829 1760 869 nos

241 898 470 961 rationis
494 899 778 984 participes
792 899 940 959 hunc
955 900 1190 984 globum
1214 901 1515 962 incolentes
1525 946 1545 976 ,
1560 897 1761 959 diuinis

242 986 470 1050 ducibus
482 1033 501 1063 ,
516 988 712 1072 quibus
729 1010 983 1074 regamur
995 1037 1013 1069 ,
1027 988 1340 1075 indigemus
1357 1037 1371 1051 .
1400 995 1474 1051 Et
1488 987 1758 1075 quemad-

242 1076 485 1140 modum
513 1098 760 1141 armenta
787 1077 1030 1160 humane
1057 1082 1396 1163 cognitionis
1431 1079 1666 1162 expertia
1693 1076 1761 1136 ab

241 1167 476 1228 homine
492 1167 1152 1244 custodiuntur,homines
1166 1173 1362 1254 pariter
1375 1169 1560 1231 uirtuti
1574 1167 1759 1228 heroi-

240 1256 534 1336 cesubiefti
547 1258 776 1318 heroem
790 1259 1097 1343 principem
1113 1259 1419 1344 agnoscunt
1436 1304 1448 1318 .
1466 1254 1563 1318 Est
1577 1257 1760 1341 itaque

241 1344 404 1409 heros
417 1346 666 1409 minister
693 1347 836 1422 Dei,
852 1368 1012 1433 aquo
1039 1345 1353 1411 finientibus
1379 1349 1488 1428 uite
1512 1346 1762 1408 terminis

238 1435 311 1497 ad
326 1433 376 1496 se
389 1455 693 1497 reuocatur.
709 1435 898 1519 ideoc'13
912 1441 1076 1498 nouis
1092 1439 1388 1498 rectoribus
1402 1434 1761 1496 reficiendum

240 1523 317 1586 est
332 1525 648 1586 humanum
663 1546 831 1609 genus
843 1571 862 1601 ,
877 1547 944 1586 ne
958 1525 1211 1610 perdatur
1222 1572 1240 1603 ,
1253 1528 1390 1587 ueris
1405 1523 1654 1585 dominis
1669 1522 1764 1584 de-

240 1611 546 1677 ficientibus
562 1660 578 1675 .
627 1613 732 1678 Sed
756 1637 825 1677 ne
836 1615 928 1676 hic
944 1616 1090 1676 orbis
1104 1616 1216 1677 hoc
1242 1619 1468 1700 optimo
1496 1615 1762 1696 regimine

241 1701 576 1787 fiiperiorem
589 1724 808 1790 equaret
820 1752 837 1783 ‚
851 1704 911 1766 hi
935 1727 1059 1766 raro
1074 1707 1102 1767 e
1116 1705 1313 1791 superis
1328 1704 1542 1767 demitti
1557 1701 1732 1764 solent
1745 1747 1762 1764 .

243 1792 411 1855 rarius
425 1795 592 1854 otiam
607 1795 704 1879 qui
718 1794 820 1857 sint
847 1794 1163 1856 admodum
1189 1797 1418 1881 egregii.
1435 1812 1494 1856 ut
1519 1790 1760 1877 pluribus

242 1878 550 1943 seculorum
564 1884 855 1947 interuallis
868 1883 1037 1948 Iudaei
1063 1885 1289 1969 profetae
1301 1932 1319 1963 ,
1333 1885 1523 1948 Graeci
1549 1879 1761 1966 sapien-

243 1988 320 2031 tes
335 1970 623 2055 ,magnicj3
640 1975 808 2036 armis
823 1992 986 2059 atque
1011 1976 1212 2035 animis
1239 1975 1529 2037 Romani.
1588 1977 1760 2059 Qo-

243 2060 398 2120 niam
413 2082 546 2120 uero
559 2063 813 2123 uirorum
838 2063 913 2124 est
938 2086 1063 2124 cura
1091 2061 1641 2146 publica‚1ifoemina
1667 2062 1763 2121 he-

243 2149 394 2209 roica
409 2147 776 2233 conspiciatur
786 2199 804 2228 ‚
818 2155 1124 2239 quominus
1137 2150 1317 2212 uisum
1331 2151 1577 2236 minusc'b
1605 2149 1759 2210 audi-

241 2254 365 2299 tum
379 2236 551 2298 simile
563 2238 899 2322 exemplum,
914 2263 982 2302 eo
999 2241 1173 2326 gloria
1189 2241 1573 2318 maior,maius
1590 2241 1761 2300 etiam

237 2324 442 2388 diuinae
466 2329 751 2410 prouincie
776 2348 1166 2414 argumentum
1182 2374 1196 2390 .
1242 2331 1428 2391 Maius
1453 2326 1762 2413 praetereafl

239 2412 495 2478 officium
522 2413 681 2476 suum
707 2417 862 2480 citius
888 2417 1133 2482 absoluat
1160 2465 1174 2479 .
1202 2420 1331 2506 quia
1356 2421 1526 2481 uirtus
1551 2438 1760 2500 magna

235 2504 587 2569 uehementer
598 2504 763 2590 latecj3
780 2507 989 2591 perfusa
1000 2554 1019 2588 ,
1034 2527 1222 2571 motus
1248 2507 1511 2570 celeritate
1535 2524 1757 2588 tempo-

233 2592 305 2681 ris
329 2594 653 2683 breuitatem
678 2595 1031 2686 compensst.
1076 2596 1289 2683 Nostra
1313 2598 1497 2686 itaque
1519 2594 1762 2658 domina

1508 2683 1673 2749 heros
